<record><leader>00000cas a22000007a 4500</leader><controlfield tag="001">12234358</controlfield><controlfield tag="008">850705d19011942iauwr ne      0    0eng d</controlfield><datafield ind1=" " ind2=" " tag="010"><subfield code="a">sn 85050845 </subfield></datafield><datafield ind1=" " ind2=" " tag="040"><subfield code="a">INP</subfield><subfield code="b">eng</subfield><subfield code="c">INP</subfield><subfield code="d">DLC</subfield><subfield code="d">OCLCQ</subfield></datafield><datafield ind1=" " ind2=" " tag="042"><subfield code="a">msc</subfield></datafield><datafield ind1="0" ind2=" " tag="130"><subfield code="a">Williamsburg journal-tribune (Williamsburg, Iowa : 1901)</subfield></datafield><datafield ind1="1" ind2="0" tag="245"><subfield code="a">Williamsburg journal-tribune.</subfield></datafield><datafield ind1="3" ind2="0" tag="246"><subfield code="a">Journal-tribune</subfield></datafield><datafield ind1=" " ind2=" " tag="260"><subfield code="a">Williamsburg, Iowa :</subfield><subfield code="b">Journal-Tribune Print. Co.,</subfield><subfield code="c">-1942.</subfield></datafield><datafield ind1=" " ind2=" " tag="300"><subfield code="a">v. :</subfield><subfield code="b">ill. ;</subfield><subfield code="c">66 cm.</subfield></datafield><datafield ind1=" " ind2=" " tag="310"><subfield code="a">Weekly</subfield></datafield><datafield ind1="1" ind2=" " tag="362"><subfield code="a">Began between Jan. 1 and Feb. 7, 1901.</subfield></datafield><datafield ind1="0" ind2=" " tag="362"><subfield code="a">-v. 57, no. 28 (Nov. 12, 1942).</subfield></datafield><datafield ind1=" " ind2=" " tag="500"><subfield code="a">Published as: Journal-tribune, Aug. 13, 1942-Nov. 1942.</subfield></datafield><datafield ind1=" " ind2=" " tag="500"><subfield code="a">Publisher varies.</subfield></datafield><datafield ind1=" " ind2=" " tag="500"><subfield code="a">"A progressive newspaper devoted to the best interests of Williamsburg and Iowa County."</subfield></datafield><datafield ind1=" " ind2=" " tag="500"><subfield code="a">Originally edited by: T.T. Osborn, Leo Kenney, and H.L. Jones.</subfield></datafield><datafield ind1=" " ind2=" " tag="525"><subfield code="a">"Proceedings of the Board of Supervisors" supplement included in the Nov. 19, 1903, issue.</subfield></datafield><datafield ind1=" " ind2=" " tag="588"><subfield code="a">Description based on: Vol. 17, no. 35 (Feb. 14, 1901).</subfield></datafield><datafield ind1=" " ind2=" " tag="752"><subfield code="a">United States</subfield><subfield code="b">Iowa</subfield><subfield code="c">Iowa</subfield><subfield code="d">Williamsburg.</subfield></datafield><datafield ind1="0" ind2="4" tag="780"><subfield code="t">Williamsburg journal</subfield><subfield code="w">(DLC)sn 85050973</subfield></datafield><datafield ind1="0" ind2="4" tag="780"><subfield code="t">Iowa County tribune</subfield><subfield code="w">(DLC)sn 85049831</subfield></datafield><datafield ind1="0" ind2="7" tag="785"><subfield code="t">Williamsburg shopper</subfield><subfield code="w">(DLC)sn 85050832</subfield></datafield><datafield ind1="0" ind2="7" tag="785"><subfield code="t">Journal-tribune and Williamsburg shopper, consolidated</subfield><subfield code="w">(DLC)sn 85050844</subfield></datafield></record>